<?xml version="1.0" encoding="UTF-8"?><record xmlns="http://www.loc.gov/MARC21/slim" xmlns:cinclude="http://apache.org/cocoon/include/1.0" xmlns:zs="http://www.loc.gov/zing/srw/">
  <leader>00353nz  a2200133n  4500</leader>
  <controlfield tag="001">no2001052493</controlfield>
  <controlfield tag="003">DLC</controlfield>
  <controlfield tag="005">20010707071012.0</controlfield>
  <controlfield tag="008">010706n| acannaab           |n aaa     c</controlfield>
  <datafield tag="010" ind1=" " ind2=" ">
    <subfield code="a">no2001052493</subfield>
  </datafield>
  <datafield tag="035" ind1=" " ind2=" ">
    <subfield code="a">(OCoLC)oca05526334</subfield>
  </datafield>
  <datafield tag="040" ind1=" " ind2=" ">
    <subfield code="a">MiDW</subfield>
    <subfield code="b">eng</subfield>
    <subfield code="c">MiDW</subfield>
  </datafield>
  <datafield tag="100" ind1="1" ind2="0">
    <subfield code="a">Reed, Kimberly A.</subfield>
  </datafield>
  <datafield tag="670" ind1=" " ind2=" ">
    <subfield code="a">Managing our margins ..., c2001:</subfield>
    <subfield code="b">t.p. (Kimberly A. Reed)</subfield>
  </datafield>
</record>